<collection xmlns="http://www.loc.gov/MARC21/slim"><record><leader>00681nam  2200205   450</leader><controlfield tag="001">974</controlfield><controlfield tag="003">http://montalegre.opacnet.com/OPAC/default.aspx?ContentAreaControl=ShowRegHoldings.ascx&amp;RegNo=16662</controlfield><datafield tag="100" ind1=" " ind2=" "><subfield code="a">19821201d1982    m  y0pora010305  ba</subfield></datafield><datafield tag="101" ind1="1" ind2=" "><subfield code="a">por</subfield><subfield code="c">fre</subfield></datafield><datafield tag="102" ind1=" " ind2=" "><subfield code="a">PT</subfield></datafield><datafield tag="200" ind1="1" ind2=" "><subfield code="a">&lt;A &gt;esperança</subfield><subfield code="f">André Malraux</subfield><subfield code="g">trad. Judith Cortesão</subfield></datafield><datafield tag="210" ind1=" " ind2=" "><subfield code="a">Lisboa</subfield><subfield code="c">Livros do Brasil</subfield><subfield code="d">[D.L. 1982]</subfield></datafield><datafield tag="215" ind1=" " ind2=" "><subfield code="a">477, [3] p.</subfield><subfield code="d">22 cm</subfield></datafield><datafield tag="225" ind1="2" ind2=" "><subfield code="a">Dois mundos</subfield><subfield code="v">125</subfield></datafield><datafield tag="304" ind1=" " ind2=" "><subfield code="a">Tít. orig. L'espoir</subfield></datafield><datafield tag="675" ind1=" " ind2=" "><subfield code="a">821</subfield><subfield code="v">BN</subfield><subfield code="z">por</subfield></datafield><datafield tag="700" ind1=" " ind2="1"><subfield code="a">Malraux</subfield><subfield code="b">André</subfield><subfield code="f">1901-1976</subfield></datafield><datafield tag="702" ind1=" " ind2="1"><subfield code="a">Cortesão</subfield><subfield code="b">Judite D.</subfield><subfield code="4">730</subfield></datafield><datafield tag="801" ind1=" " ind2="0"><subfield code="a">PT</subfield><subfield code="b">Biblioteca Municipal de Montalegre</subfield><subfield code="g">RPC</subfield></datafield><datafield tag="856" ind1=" " ind2=" "><subfield code="u">locateMedia.asp?cod=20060704161737&amp;ext=jpg</subfield><subfield code="z">CAPA</subfield></datafield><datafield tag="909" ind1="&#9;" ind2=" "><subfield code="a">1</subfield></datafield><datafield tag="966" ind1=" " ind2=" "><subfield code="a">0009017</subfield><subfield code="l">BMM</subfield><subfield code="s">SCG 821 MAL esp 125</subfield></datafield></record></collection>